% This file was created with JabRef 2.10.
% Encoding: UTF8


@Book{Barnes2014,
  Title                    = {Programming in Ada 2012},
  Author                   = {Barnes, John},
  Publisher                = {Cambridge University Press},
  Year                     = {2014},

  Address                  = {Cambridge, England},
  Number                   = {ISBN 978-1107424814},

  Owner                    = {John McCormick},
  Timestamp                = {2014-06-24}
}

@Book{Ben-Ari2009,
  Title                    = {Ada for Software Engineers},
  Author                   = {Ben-Ari, Mordechai},
  Publisher                = {Springer-Verlag},
  Year                     = {2009},

  Address                  = {London},
  Edition                  = {2},
  Number                   = {ISBN 978-1-84882-313-6},

  Owner                    = {John McCormick},
  Timestamp                = {2009-06-30},
  Url                      = {http://www.springerlink.com/content/978-1-84882-313-6}
}

@Book{Burns2007,
  Title                    = {Concurrent and Real-Time Programming in Ada},
  Author                   = {Alan Burns and Andy Wellings},
  Publisher                = {Cambridge University Press},
  Year                     = {2007},
  Number                   = {ISBN 978-0-521-86697-2},

  Owner                    = {Peter Chapin},
  Timestamp                = {2015-03-31}
}

@Book{Cohen1996,
  Title                    = {Ada as a Second Language},
  Author                   = {Norman H. Cohen},
  Publisher                = {McGraw-Hill},
  Year                     = {1996},
  Number                   = {ISBN 0-07-011607-5},

  Owner                    = {Peter Chapin},
  Timestamp                = {2015-03-31}
}

@Book{Dale2007,
  Title                    = {Ada Plus Data Structures: An Object-Oriented Approach},
  Author                   = {Nell Dale and John McCormick},
  Publisher                = {Jones and Bartlett},
  Year                     = {2007},

  Address                  = {Sudbury, MA},
  Edition                  = {2$^{nd}$},

  Owner                    = {John McCormick},
  Pages                    = {900},
  Timestamp                = {2012-05-25}
}

@Book{Dale2000,
  Title                    = {Programming and Problem Solving with Ada 95},
  Author                   = {Dale, Nell and Weems, Chip and McCormick, John},
  Publisher                = {Jones and Bartlett},
  Year                     = {2000},

  Address                  = {Sudbury, MA},
  Edition                  = {2nd},
  Number                   = {ISBN 0-7637-0792-9},

  Owner                    = {John McCormick},
  Timestamp                = {2009-06-30}
}

@Book{McCormick2011,
  Title                    = {Building Parallel, Embedded, and Real-Time Applications with Ada},
  Author                   = {John W. McCormick and Frank Singhoff and Jerome Hugues},
  Publisher                = {Cambridge University Press},
  Year                     = {2011},
  Number                   = {ISBN 978-0-521-19716-8},

  Owner                    = {Peter Chapin},
  Timestamp                = {2015-03-31}
}

@Misc{lshort,
  Title                    = {The Not So Short Introduction to LaTeX2e},

  Author                   = {Tobi Oetiker},
  Note                     = {\url{http://tobi.oetiker.ch/lshort/}. Accessed December 2011}
}

@Misc{miktex,
  Title                    = {{MiKTeX} Project Page},
  Note                     = {\url{http://www.miktex.org/}. Accessed December 2011},

  Key                      = {miktex}
}

@Misc{texlipse,
  Title                    = {{TeXlipse} homepage},
  Note                     = {\url{http://texlipse.sourceforge.net/}. Accessed December 2011},

  Key                      = {texlipse}
}

@Misc{texniccenter,
  Title                    = {{TeXnicCenter}},
  Note                     = {\url{http://www.texniccenter.org/}, Accessed December 2011},

  Key                      = {texniccenter}
}

